@article{likert1932technique,
  title={A technique for the measurement of attitudes.},
  author={Likert, Rensis},
  journal={Archives of psychology},
  year={1932}
}
@article{Williams2009,
author = {Williams, Samuel and Waterman, Andrew and Patterson, David},
doi = {10.1145/1498765.1498785},
file = {:home/rogerio/.local/share/data/Mendeley Ltd./Mendeley Desktop/Downloaded/Williams, Waterman, Patterson - 2009 - Roofline.pdf:pdf},
issn = {00010782},
journal = {Communications of the ACM},
mendeley-groups = {cea/roofline},
month = apr,
number = {4},
pages = {65},
publisher = {ACM},
title = {{Roofline: An Insightful Visual Performance Model for Multicore Architectures}},
url = {http://dl.acm.org/ft_gateway.cfm?id=1498785\&type=html},
volume = {52},
year = {2009}
}

@Electronic{openmp:site,
  Title                    = {The {OpenMP® API} specification for parallel programming},
  Author                   = {{OpenMP API Site}},
  Month                    = jan,
  Url                      = {http://openmp.org},
  Year                     = {2012}
}

@techreport{openmp:api:2011,
annote = {Version 3.1},
author = {OpenMP-ARB},
file = {:home/rogerio/.local/share/data/Mendeley Ltd./Mendeley Desktop/Downloaded/Architecture, Board - 2011 - OpenMP Application Program Interface.pdf:pdf},
institution = {OpenMP Architecture Review Board (ARB)},
keywords = {api,openmp},
mendeley-groups = {cea/openmp},
title = {{OpenMP Application Program Interface Version 3.1}},
url = {http://www.openmp.org/mp-documents/OpenMP3.1.pdf},
year = {2011}
}

@article{openmp:Flex,
	author = "Shah, Sanjiv and Haab, Grant and Petersen, Paul and Throop, Joe",
	doi = "10.1002/1096-9128(200010)12:12<1219::AID-CPE530>3.0.CO;2-0",
	issn = "1096-9128",
	journal = "Concurrency: Practice and Experience",
	keywords = "shared memory parallelism; symmetric multiprocessing; OpenMP; irregular parallelism; multithreading; POSIX threads; hierarchical decomposition; task queue; workqueuing",
	number = "12",
	pages = "1219–1239",
	publisher = "John Wiley \& Sons, Ltd.",
	title = "{Flexible control structures for parallelism in OpenMP}",
	url = "http://dx.doi.org/10.1002/1096-9128(200010)12:12<1219::AID-CPE530>3.0.CO; 2-0",
	volume = "12",
	year = "2000"
}

@article{Asanovic2009,
author = {Asanovic, Krste and Wawrzynek, John and Wessel, David and Yelick, Katherine and Bodik, Rastislav and Demmel, James and Keaveny, Tony and Keutzer, Kurt and Kubiatowicz, John and Morgan, Nelson and Patterson, David and Sen, Koushik},
doi = {10.1145/1562764.1562783},
issn = {00010782},
journal = {Communications of the ACM},
mendeley-groups = {cea},
month = oct,
number = {10},
pages = {56},
publisher = {ACM},
title = {{A view of the parallel computing landscape}},
url = {http://dl.acm.org/ft_gateway.cfm?id=1562783\&type=html},
volume = {52},
year = {2009}
}

@Book{ Chapman:2007,
	author = "Barbara Chapman and Gabriele Jost and Ruud van der Pas",
	title = "Using OpenMP: Portable Shared Memory Parallel Programming (Scientific and Engineering Computation)",
	year = "2007",
	isbn = "0262533022, 9780262533027",
	publisher = "The MIT Press"
}

@ONLINE{openacc:site,
    author = {OpenACC},
    title = {OpenACC directives for accelerators Site},
    month = out,
    year = {2012},
    url = {http://www.openacc-standard.org/}
}

@ONLINE{openacc:api,
    author = {{OpenACC}},
    title = {{OpenACC A}pplication Programming Interface. Version 2.0},
    month = {june},
    year = {2013},
    url = {http://www.openacc.org/sites/default/files/OpenACC.2.0a_1.pdf}
}

@article{Sutter:2005,
 author = {Sutter, Herb and Larus, James},
 title = {Software and the Concurrency Revolution},
 journal = {Queue},
 issue_date = {September 2005},
 volume = {3},
 number = {7},
 month = sep,
 year = {2005},
 issn = {1542-7730},
 pages = {54--62},
 numpages = {9},
 url = {http://doi.acm.org/10.1145/1095408.1095421},
 doi = {10.1145/1095408.1095421},
 acmid = {1095421},
 publisher = {ACM},
 address = {New York, NY, USA},
} 

@article{FreeLunchIsOver,
  added-at = {2008-09-03T09:42:11.000+0200},
  author = {Sutter, Herb},
  biburl = {http://www.bibsonomy.org/bibtex/2215f355123504f02d0ddb1b40292abeb/gron},
  interhash = {1540da30b9424bf778012a96f1192730},
  intrahash = {215f355123504f02d0ddb1b40292abeb},
  journal = {Dr. Dobb’s Journal},
  keywords = {Concurrency PhD Proposal},
  number = 3,
  pages = {202--210},
  timestamp = {2008-09-03T09:42:12.000+0200},
  title = {The Free Lunch Is Over: A Fundamental Turn Toward Concurrency in Software},
  url = {http://www.gotw.ca/publications/concurrency-ddj.htm},
  volume = 30,
  year = 2005
}

@book{Ben-Ari:1990,
 author = {Ben-Ari, M.},
 title = {Principles of Concurrent and Distributed Programming},
 year = {1990},
 isbn = {0-13-711821-X},
 publisher = {Prentice-Hall, Inc.},
 address = {Upper Saddle River, NJ, USA},
} 

@ARTICLE{threadsProblem:2006, 
author={Lee, E.A.}, 
journal={Computer}, 
title={The problem with threads}, 
year={2006}, 
month={May}, 
volume={39}, 
number={5}, 
pages={33-42}, 
keywords={message passing;multi-threading;MPI;OpenMP;PVM;computer architectures;concurrent programming;data-parallel language extension;general-purpose architectures;message-passing libraries;operating system;programming languages;sequential processes;software engineering;threads programming model;Computational modeling;Costs;Distributed computing;Embedded computing;Embedded software;Equations;Object oriented modeling;Yarn;Coordination languages;Design patterns;Nondeterminism;Programming paradigms;Threads}, 
doi={10.1109/MC.2006.180}, 
ISSN={0018-9162},}

@inproceedings{KISS:2004:inproc,
 author = {Qadeer, Shaz and Wu, Dinghao},
 title = {KISS: Keep It Simple and Sequential},
 booktitle = {Proceedings of the ACM SIGPLAN 2004 Conference on Programming Language Design and Implementation},
 series = {PLDI '04},
 year = {2004},
 isbn = {1-58113-807-5},
 location = {Washington DC, USA},
 pages = {14--24},
 numpages = {11},
 url = {http://doi.acm.org/10.1145/996841.996845},
 doi = {10.1145/996841.996845},
 acmid = {996845},
 publisher = {ACM},
 address = {New York, NY, USA},
 keywords = {assertion checking, concurrent software, model checking, program analysis, race detection},
} 

@article{KISS:2004:article,
 author = {Qadeer, Shaz and Wu, Dinghao},
 title = {KISS: Keep It Simple and Sequential},
 journal = {SIGPLAN Not.},
 issue_date = {May 2004},
 volume = {39},
 number = {6},
 month = jun,
 year = {2004},
 issn = {0362-1340},
 pages = {14--24},
 numpages = {11},
 url = {http://doi.acm.org/10.1145/996893.996845},
 doi = {10.1145/996893.996845},
 acmid = {996845},
 publisher = {ACM},
 address = {New York, NY, USA},
 keywords = {assertion checking, concurrent software, model checking, program analysis, race detection},
} 

@article{dongarra1997top500,
  title={TOP500 supercomputer sites},
  author={Dongarra, Jack J and Meuer, Hans W and Strohmaier, Erich and others},
  journal={Supercomputer},
  volume={13},
  pages={89--111},
  year={1997},
  publisher={ASFRA BV}
}

@inproceedings{okur2012developers,
  title={How do developers use parallel libraries?},
  author={Okur, Semih and Dig, Danny},
  booktitle={Proceedings of the ACM SIGSOFT 20th International Symposium on the Foundations of Software Engineering},
  pages={54},
  year={2012},
  organization={ACM}
}

@inproceedings{ben1999thinking,
  title={Thinking parallel: the process of learning concurrency},
  author={Ben-Ari, Mordechai and Kolikant, Yifat Ben-David},
  booktitle={ACM SIGCSE Bulletin},
  volume={31},
  number={3},
  pages={13--16},
  year={1999},
  organization={ACM}
}

@article{mattson2003good,
  title={How good is OpenMP},
  author={Mattson, Timothy G},
  journal={Scientific Programming},
  volume={11},
  number={2},
  pages={81--93},
  year={2003},
  publisher={Hindawi Publishing Corporation}
}

@ARTICLE{OpenMPTasks2009, 
author={Ayguade, E. and Copty, N. and Duran, A. and Hoeflinger, J. and Yuan Lin and Massaioli, F. and Teruel, X. and Unnikrishnan, P. and Guansong Zhang}, 
journal={Parallel and Distributed Systems, IEEE Transactions on}, 
title={The Design of OpenMP Tasks}, 
year={2009}, 
month={March}, 
volume={20}, 
number={3}, 
pages={404-418}, 
keywords={application program interfaces;computational complexity;formal specification;parallel programming;systems analysis;OpenMP 3.0;OpenMP specification;OpenMP tasks;application complexity;shared-memory parallel programming;Concurrent;Concurrent Programming;Concurrent programming structures;and parallel languages;distributed}, 
doi={10.1109/TPDS.2008.105}, 
ISSN={1045-9219},}

@Electronic{top500:site,
  Title                    = {TOP500 List of Supercomputers Site},
  Author                   = {Top500},
  Month                    = november,
  Url                      = {http://www.top500.org/},
  Year                     = {2014}
}

@TechReport{LCCV:UFAL:Tutorial,
  Title                    = {Tutorial de {OpenMP C/C++}},
  Author                   = {Sena, M. C. R. and Costa, J. A. C. and Thomaz, C. A. and Silveira, E. S. S. and Ramos Filho and H. S. and Russo, A. A.},
  Institution              = {LCCV-UFAL},
  Year                     = {2008},
  Month                    = {March},
  Note                     = {Sun Microsystems do Brasil, Programa Campus Ambassador HPC},
  Edition                  = {Edition 1},
  Number                   = {03/2008},
  Author1_url              = {http://www.lncc.br},
  File                     = {pdf_consultar.php?idt_arquivo=4286},
  Keywords                 = {openmp, tutorial},
  Url                      = {http://www.lncc.br/pdf_consultar.php?idt_arquivo=4286},
  urldate = {2015-02-15}
}

@ONLINE{OpenmpAndFork,
    author = {OpenmpAndFork},
    title = {Guide into {OpenMP}: Easy multithreading programming for {C++}},
    month = december,
    year = {2008},
    url = {http://bisqwit.iki.fi/story/howto/openmp/#OpenmpAndFork},
    urldate = {2015-03-01}
}

@ONLINE{CodeProject,
    author = {Code Project},
    title = {Code Project Tutorial},
    month = february,
    year = {2010},
    url = {http://www.codeproject.com/Articles/60176/A-Beginner-s-Primer-to-OpenMP},
    urldate = {2015-03-01}
}

@ONLINE{BostonUniversity,
    author = {Doug Sondak},
    title = {Parallel Processing with OpenMP},
    month = september,
    year = {2011},
    publisher = {Scientific Computing and Visualization Office of Information Technology, Boston University},
    url = {www.bu.edu/tech/files/2011/09/openmp.ppt},
    urldate = {2015-03-01}
}

@ONLINE{UniversityUtah,
    author = {Mary Hall},
    title = {Lecture 9: Task Parallelism in OpenMP},
    month = september,
    year = {2011},
    url = {www.bu.edu/tech/files/2011/09/openmp.ppt},
    urldate = {2015-03-01}
}

@ONLINE{UniversityEmory,
    author = {Shun Yan Cheung},
    title = {Introduction to Parallel Processing. OpenMP},
    month = april,
    year = {2013},
    url = {http://www.mathcs.emory.edu/~cheung/Courses/355/Syllabus/91-pthreads/openMP.html},
    urldate = {2015-03-01}
}

@ONLINE{UniversityWayne,
    author = {Cheng-Zhong Xu},
    title = {ECE561:Introduction to Parallel and Distribution Systems. OpenMP Overview},
    month = february,
    year = {2004},
    url = {http://www.ece.eng.wayne.edu/~czxu/ece561/lnotes/OpenMP.pdf},
    urldate = {2015-03-01}
}

@ONLINE{UniversityCalifornia,
    author = {Norman Matloff},
    title = {Introduction to OpenMP. Dijkstra sample},
    month = april,
    year = {2006},
    url = {http://heather.cs.ucdavis.edu/~matloff/openmp.html#tutorials},
    urldate = {2015-03-01}
}

@INPROCEEDINGS{6065054,
author={Delistavrou, C.T. and Margaritis, K.G.},
booktitle={Informatics (PCI), 2011 15th Panhellenic Conference on},
title={Towards an Integrated Teaching Environment for Parallel Programming},
year={2011},
month={Sept},
pages={3-7},
keywords={application program interfaces;computer science education;message passing;parallel programming;teaching;MPI programming;OpenMP programming;educational role;integrated teaching environment;message passing interface;parallel programming;Debugging;Educational institutions;Parallel processing;Parallel programming;Performance analysis;Visualization;educational scenarios;high performance computing;integrated development environments;parallel distributed processing;parallel programming;software tools},
doi={10.1109/PCI.2011.16},}

@INPROCEEDINGS{6651019,
author={Ferner, C. and Wilkinson, B. and Heath, B.},
booktitle={Parallel and Distributed Processing Symposium Workshops PhD Forum (IPDPSW), 2013 IEEE 27th International},
title={Toward Using Higher-Level Abstractions to Teach Parallel Computing},
year={2013},
month={May},
pages={1291-1296},
keywords={application program interfaces;computer aided instruction;computer science education;distributed processing;message passing;parallel processing;MPI;OpenMP;University of North Carolina Charlotte;University of North Carolina Wilmington;compiler directives;distributed programming;higher level abstractions;parallel computing teaching;parallel programming;pattern programming approach;scalable programs;software design;software environment;televideo network;Educational institutions;Graphics processing units;Parallel processing;Parallel programming;Programming profession;compiler directives;distributed computing;parallel computing;pattern programming},
doi={10.1109/IPDPSW.2013.71},}

@INPROCEEDINGS{4755913,
author={Speyer, G. and Freed, N. and Akis, R. and Stanzione, D. and Mack, E.},
booktitle={DoD HPCMP Users Group Conference, 2008. DOD HPCMP UGC},
title={Paradigms for Parallel Computation},
year={2008},
month={July},
pages={486-494},
keywords={application program interfaces;distributed memory systems;fault tolerant computing;message passing;parallel architectures;parallel programming;shared memory systems;C4I;ENS problems;OpenMP;applications recoding;distributed memory parallel architecture programming;dwarf codes;fault tolerance;industry standard;message passing interface;multicore microprocessors;parallel computation;parallel programming;shared memory machines;technology transfer electronics;user productivity enhancement;Concurrent computing;Large-scale systems;Message passing;Microprocessors;Multicore processing;Parallel architectures;Parallel programming;Positron emission tomography;Productivity;Technology transfer;Parallel processing;languages},
doi={10.1109/DoD.HPCMP.UGC.2008.18},}

@ARTICLE{4657555,
author={Marowka, A.},
journal={Distributed Systems Online, IEEE},
title={Think Parallel: Teaching Parallel Programming Today},
year={2008},
month={Aug},
volume={9},
number={8},
pages={1-1},
keywords={computer science education;parallel programming;teaching;desktop computers;mainstream computing;multicore processors;parallel code;parallel computing;parallel programming teaching;supercomputers;Application software;Concurrent computing;Education;Heart;Multicore processing;Parallel processing;Parallel programming;Portable computers;Supercomputers;Writing;Algorithms;Computer Science Education;Concurrent Programming;Languages;OpenMP;Parallel Computing;Parallel Programming;Theory},
doi={10.1109/MDSO.2008.24},
ISSN={1541-4922},}

@INPROCEEDINGS{6270788,
author={Strazdins, P.E.},
booktitle={Parallel and Distributed Processing Symposium Workshops PhD Forum (IPDPSW), 2012 IEEE 26th International},
title={Experiences in Teaching a Specialty Multicore Computing Course},
year={2012},
month={May},
pages={1283-1288},
keywords={computer science education;educational courses;message passing;multiprocessing systems;parallel architectures;programming;teaching;CUDA;Fermi GPU;Intel single-chip cloud computer;OpenMP;RCCE;UltraSPARC T2;chip multiprocessing;computer architecture;concurrency course;device programming;introductory computer systems;message passing;multicore programming paradigms;on-chip accelerators;programming performance;shared memory programming;specialized multicore architecture;specialty multicore computing course;speculative execution;teaching;transactional memory;virtualization support;Computers;Graphics processing unit;Kernel;Message passing;Multicore processing;Programming profession;computing education;multicore computing;parallel computing},
doi={10.1109/IPDPSW.2012.168},}

@ARTICLE{6565518,
author={Falcao, G.},
journal={Potentials, IEEE},
title={How Fast Can Parallel Programming Be Taught to Undergraduate Students?},
year={2013},
month={July},
volume={32},
number={4},
pages={28-29},
keywords={computer science education;further education;parallel programming;C language;C++ language;OpenMP;Pthreads;high-level language;memory access conflicts;parallel programming language;shared variables concurrent use;single-instruction multiple-thread programming model;system memory hierarchy;undergraduate students;Computers;Multicore processing;Object recognition;Parallel programming},
doi={10.1109/MPOT.2012.2234507},
ISSN={0278-6648},}

@Electronic{intel:xeon:phi,
    author = {Intel},
    title = {O coprocessador Intel® Xeon Phi(tm) 5110P},
    month = jan,
    year = {2013},
    url = {http://www.intel.com.br/content/www/br/pt/processors/xeon/xeon-phi-detail.html}
}

@inproceedings{SuB:2005:CMO:1892830.1892863,
 author = {{S\"{u}\ss}, Michael and Leopold, Claudia},
 title = {Common Mistakes in {OpenMP} and How to Avoid Them: A Collection of Best Practices},
 booktitle = {Proceedings of the 2005 and 2006 International Conference on {OpenMP} Shared Memory Parallel Programming},
 series = {IWOMP'05/IWOMP'06},
 year = {2008},
 isbn = {3-540-68554-5, 978-3-540-68554-8},
 location = {Eugene, OR, USA},
 pages = {312--323},
 numpages = {12},
 url = {http://dl.acm.org/citation.cfm?id=1892830.1892863},
 acmid = {1892863},
 publisher = {Springer-Verlag},
 address = {Berlin, Heidelberg},
}

@incollection{Basupalli:2011,
year={2011},
isbn={978-3-642-21486-8},
booktitle={OpenMP in the Petascale Era},
volume={6665},
series={Lecture Notes in Computer Science},
editor={Chapman, BarbaraM. and Gropp, WilliamD. and Kumaran, Kalyan and Müller, MatthiasS.},
doi={10.1007/978-3-642-21487-5_4},
title={ompVerify: Polyhedral Analysis for the OpenMP Programmer},
url={http://dx.doi.org/10.1007/978-3-642-21487-5_4},
publisher={Springer Berlin Heidelberg},
author={Basupalli, V. and Yuki, T. and Rajopadhye, S. and Morvan, A. and Derrien, S. and Quinton, P. and Wonnacott, D.},
pages={37-53},
language={English}
}

@ONLINE{Parallware:2014,
    author = {Parallware},
    title = {Parallware: The OpenMP-enabling source-to-source compiler},
    month = may,
    year = {2014},
    url = {http://www.appentra.com/parallel-computation-pi},
    urldate = {01/06/2015}
}

@incollection{Saillard:2014,
year={2014},
isbn={978-3-319-11453-8},
booktitle={Using and Improving OpenMP for Devices, Tasks, and More},
volume={8766},
series={Lecture Notes in Computer Science},
editor={DeRose, Luiz and de Supinski, BronisR. and Olivier, StephenL. and Chapman, BarbaraM. and Müller, MatthiasS.},
doi={10.1007/978-3-319-11454-5_6},
title={Static Validation of Barriers and Worksharing Constructs in OpenMP Applications},
url={http://dx.doi.org/10.1007/978-3-319-11454-5_6},
publisher={Springer International Publishing},
author={Saillard, Emmanuelle and Carribault, Patrick and Barthou, Denis},
pages={73-86},
language={English}
}
    
@article{Dagum1998a,
author = {Dagum, L. and Menon, R.},
doi = {10.1109/99.660313},
issn = {10709924},
journal = {IEEE Computational Science and Engineering},
mendeley-groups = {cea/openmp},
number = {1},
pages = {46--55},
publisher = {IEEE Computer Society Press},
title = {{OpenMP: an industry standard API for shared-memory programming}},
url = {http://dl.acm.org/citation.cfm?id=615255.615542},
volume = {5},
year = {1998}
}

@TechReport{openmp:api:2011,
  Title                    = {OpenMP Application Program Interface Version 3.1},
  Author                   = {OpenMP-ARB},
  Institution              = {OpenMP Architecture Review Board (ARB)},
  Year                     = {2011},
  Month                    = {July},
  Note                     = {Version 3.1},
  Number                   = {},
  Author1_url              = {http://www.openmp.org},
  File                     = {/mp-documents/OpenMP3.1.pdf},
  Keywords                 = {openmp, api},
  Url                      = {http://www.openmp.org/mp-documents/OpenMP3.1.pdf}
}

@TechReport{openmp:api:2013,
  Title                    = {OpenMP Application Program Interface Version 4.0},
  Author                   = {OpenMP-ARB},
  Institution              = {OpenMP Architecture Review Board (ARB)},
  Year                     = {2013},
  Month                    = {July},
  Note                     = {Version 4.0},
  Number                   = {},
  Author1_url              = {http://www.openmp.org},
  File                     = {/mp-documents/OpenMP4.0.0.pdf},
  Keywords                 = {openmp, api},
  Url                      = {http://www.openmp.org/mp-documents/OpenMP4.0.0.pdf}
}

@INPROCEEDINGS{Chen:2009:ChallengesMIC,
author={Chen, T.P. and Yen-Kuang Chen},
booktitle={Acoustics, Speech and Signal Processing, 2009. ICASSP 2009. IEEE International Conference on},
title={Challenges and opportunities of obtaining performance from multi-core CPUs and many-core GPUs},
year={2009},
month={April},
pages={613-616},
keywords={coprocessors;multiprocessing systems;IBM Cell processor;Intel Core 2 Quad processors;Nvidia GeForce 9800 GX2;manycore GPU;multicore CPU;multicore processor;software tools;workload analysis;Application software;Central Processing Unit;Computers;Energy consumption;Multicore processing;Parallel processing;Programming profession;Software algorithms;Software tools;Yarn;CPU;GPU;many-core;multi-core},
doi={10.1109/ICASSP.2009.4959658},
ISSN={1520-6149}}

@INPROCEEDINGS{xeonphiRuntime,
author={Newburn, C.J. and Dmitriev, S. and Narayanaswamy, R. and Wiegert, J. and Murty, R. and Chinchilla, F. and Deodhar, R. and McGuire, R.},
booktitle={Parallel and Distributed Processing Symposium Workshops PhD Forum (IPDPSW), 2013 IEEE 27th International},
title={Offload Compiler Runtime for the Intel(r) Xeon Phi Coprocessor},
year={2013},
month={May},
pages={1213-1225},
keywords={coprocessors;program compilers;Fortran compiler;Intel Xeon Phi coprocessor platform;Intel architecture CPU;compiler offload software runtime infrastructure;data movement;directed microbenchmarks;heterogeneous computing stack;integrated core platform software stack;offload compiler runtime;profitability;programming models;software architecture;third party developers;third party offload library vendors;Computational modeling;Coprocessors;Kernel;Libraries;Programming;Runtime;MIC;Xeon Phi;compiler;coprocessor;heterogeneous;offload;runtime},
doi={10.1109/IPDPSW.2013.251},}



@INPROCEEDINGS{Leopold:userOpenMP,
    author = {{S\"{u}\ss}, Michael and Leopold, Claudia},
    title = {A user’s experience with parallel sorting and {OpenMP}},
    booktitle = {In Proceedings of the Sixth Workshop on {OpenMP} (EWOMP’04},
    year = {2010}
}

@article{CPE:CPE529,
	author = "Kuhn, Bob and Petersen, Paul and O'Toole, Eamonn",
	doi = "10.1002/1096-9128(200010)12:12<1165::AID-CPE529>3.0.CO;2-L",
	issn = "1096-9128",
	journal = "Concurrency: Practice and Experience",
	keywords = "OpenMP for C/C++; Posix Threads; SMP programming techniques; parallel programming tools",
	number = "12",
	pages = "1165–1176",
	publisher = "John Wiley \& Sons, Ltd.",
	title = "{{OpenMP} versus threading in {C/C++}}",
	url = "http://dx.doi.org/10.1002/1096-9128(200010)12:12<1165::AID-CPE529>3.0.CO; 2-L",
	volume = "12",
	year = "2000"
}

@article{Lu:2008:LMC,
 author = {Lu, Shan and Park, Soyeon and Seo, Eunsoo and Zhou, Yuanyuan},
 title = {Learning from Mistakes: A Comprehensive Study on Real World Concurrency Bug Characteristics},
 journal = {SIGARCH Comput. Archit. News},
 issue_date = {March 2008},
 volume = {36},
 number = {1},
 month = mar,
 year = {2008},
 issn = {0163-5964},
 pages = {329--339},
 numpages = {11},
 url = {http://doi.acm.org/10.1145/1353534.1346323},
 doi = {10.1145/1353534.1346323},
 acmid = {1346323},
 publisher = {ACM},
 address = {New York, NY, USA},
 keywords = {bug characteristics, concurrency bug, concurrent program},
}

@incollection{Pllana:2009,
year={2009},
isbn={978-3-642-00954-9},
booktitle={Euro-Par 2008 Workshops - Parallel Processing},
volume={5415},
series={Lecture Notes in Computer Science},
editor={César, Eduardo and Alexander, Michael and Streit, Achim and Träff, JesperLarsson and Cérin, Christophe and Knüpfer, Andreas and Kranzlmüller, Dieter and Jha, Shantenu},
doi={10.1007/978-3-642-00955-6_19},
title={Towards an Intelligent Environment for Programming Multi-core Computing Systems},
url={http://dx.doi.org/10.1007/978-3-642-00955-6_19},
publisher={Springer Berlin Heidelberg},
author={Pllana, Sabri and Benkner, Siegfried and Mehofer, Eduard and Natvig, Lasse and Xhafa, Fatos},
pages={141-151},
language={English}
}

@ARTICLE{1631937,
author={Lee, E.A.},
journal={Computer},
title={The problem with threads},
year={2006},
month={May},
volume={39},
number={5},
pages={33-42},
keywords={message passing;multi-threading;MPI;OpenMP;PVM;computer architectures;concurrent programming;data-parallel language extension;general-purpose architectures;message-passing libraries;operating system;programming languages;sequential processes;software engineering;threads programming model;Computational modeling;Costs;Distributed computing;Embedded computing;Embedded software;Equations;Object oriented modeling;Yarn;Coordination languages;Design patterns;Nondeterminism;Programming paradigms;Threads},
doi={10.1109/MC.2006.180},
ISSN={0018-9162},}

@Electronic{ligomp:site:manual,
	author = {libgomp},
	title = {{GNU libgomp}},
	month = August,
	year = {2015},
	last-updated = {August 15, 2015},
	urldate = {2015-08-24},
	url = {https://gcc.gnu.org/onlinedocs/libgomp/}
}

@techreport{libgomp:2015,
	annote = {Version 5.2.0},
	author = {{GNU Libgomp}},
	file = {:home/rogerio/.local/share/data/Mendeley Ltd./Mendeley Desktop/Downloaded/gcc-5.2.0-libgomp.pdf:pdf},
	institution = {GNU libgomp},
	keywords = {api,lgomp,libgomp,openmp},
	mendeley-groups = {cea/openmp},
	mendeley-tags = {libgomp,openmp},
	pages = {64},
	title = {{GNU Offloading and Multi Processing Runtime Library: The GNU OpenMP and OpenACC Implementation}},
	url = {https://gcc.gnu.org/onlinedocs/gcc-5.2.0/libgomp.pdf},
	year = {2015}
}

@Electronic{amd:hsa:site,
	author = {AMD},
	title = {Heterogeneous Computing},
	month = {August},
	year = {2015},
	last-updated = {August 15, 2015},
	urldate = {2015-08-24},
	url = {http://developer.amd.com/resources/heterogeneous-computing/}
}

@article {CPE:CPE905,
author = {Krawezik, Géraud and Cappello, Franck},
title = {Performance comparison of MPI and OpenMP on shared memory multiprocessors},
journal = {Concurrency and Computation: Practice and Experience},
volume = {18},
number = {1},
publisher = {John Wiley & Sons, Ltd.},
issn = {1532-0634},
url = {http://dx.doi.org/10.1002/cpe.905},
doi = {10.1002/cpe.905},
pages = {29--61},
keywords = {MPI, OpenMP, performance evaluation, shared memory multiprocessors},
year = {2006},
}

@TECHREPORT{Richardson96highperformance,
    author = {Harvey Richardson},
    title = {High Performance Fortran: history, overview and current developments},
    institution = {1.4 TMC-261, Thinking Machines Corporation},
    year = {1996}
}

@techreport{hpf:1997,
	annote = {Version 2.0},
	author = {HPF Forum},
	institution = {High Performance Fortran Forum},
	keywords = {specification, hpf},
	pages = {335},
	title = {High Performance Fortran Language Specication},
	url = {http://hpff.rice.edu/versions/hpf2/hpf-v20.pdf},
	year = {1997}
}

@InProceedings{LLVM:CGO04,
     Author  = {Chris Lattner and Vikram Adve},
     Title = {{LLVM}: A Compilation Framework for Lifelong Program 
Analysis and Transformation},
     Booktitle = CGO,
     Address = {San Jose, CA, USA},
     Month = {Mar},
     Year  = {2004},
     pages       = {75--88},
}

@Electronic{clang:site,
  Title                    = {clang: a {C} language family frontend for LLVM},
  Author                   = {{LLVM Clang}},
  Month                    = ago,
  Url                      = {http://clang.llvm.org/},
  Year                     = {2015}
}

@Electronic{openmp:llvm:site,
  Title                    = {{OpenMP®}: Support for the {OpenMP} language},
  Author                   = {{LLVM OpenMP}},
  Month                    = ago,
  Url                      = {http://openmp.llvm.org/},
  Year                     = {2015}
}
